%% This BibTeX bibliography file was created using BibDesk.
%% http://bibdesk.sourceforge.net/

%% Created for Susanna at 2017-08-28 16:40:01 +0800 


%% Saved with string encoding Unicode (UTF-8) 



@article{lusseau2003bottlenose,
  title={The bottlenose dolphin community of Doubtful Sound features a large proportion of long-lasting associations},
  author={Lusseau, David and Schneider, Karsten and Boisseau, Oliver J and Haase, Patti and Slooten, Elisabeth and Dawson, Steve M},
  journal={Behavioral Ecology and Sociobiology},
  volume={54},
  number={4},
  pages={396--405},
  year={2003},
  publisher={Springer}
}

@article{girvan2002community,
  title={Community structure in social and biological networks},
  author={Girvan, Michelle and Newman, Mark EJ},
  journal={Proceedings of the national academy of sciences},
  volume={99},
  number={12},
  pages={7821--7826},
  year={2002},
  publisher={National Acad Sciences}
}

@article{Maaten2008Visualizing,
  title={Visualizing Data using t-SNE},
  author={Maaten, Laurens Van Der and Hinton, Geoffrey},
  journal={Journal of Machine Learning Research},
  volume={9},
  number={2605},
  pages={2579-2605},
  year={2008},
}

@inproceedings{halkidi2001clustering,
  title={Clustering algorithms and validity measures},
  author={Halkidi, Maria and Batistakis, Yannis and Vazirgiannis, Michalis},
  booktitle={Scientific and Statistical Database Management, 2001. SSDBM 2001. Proceedings. Thirteenth International Conference on},
  pages={3--22},
  year={2001},
  organization={IEEE}
}

@inproceedings{Wang2016Structural,
  title={Structural Deep Network Embedding},
  author={Wang, Daixin and Cui, Peng and Zhu, Wenwu},
  booktitle={The  ACM SIGKDD International Conference},
  pages={1225-1234},
  year={2016},
}

@inproceedings{Cao2015GraRep,
  title={GraRep:Learning Graph Representations with Global Structural Information},
  author={Cao, Shaosheng and Lu, Wei and Xu, Qiongkai},
  pages={891-900},
  year={2015},
}

@article{Tenenbaum2000A,
  title={A global geometric framework for nonlinear dimensionality reduction},
  author={Tenenbaum, J. B. and De, Silva V and Langford, J. C.},
  journal={Science},
  volume={290},
  number={5500},
  pages={2319},
  year={2000},
}

@article{clauset2008hierarchical,
  title={Hierarchical structure and the prediction of missing links in networks},
  author={Clauset, Aaron and Moore, Cristopher and Newman, Mark EJ},
  journal={arXiv preprint arXiv:0811.0484},
  year={2008}
}

@inproceedings{Wang2017Community,
  title={Community Preserving Network Embedding},
  author={Wang, Xiao and Cui, Peng and Wang, Jing and Pei, Jian and Zhu, Wenwu and Yang, Shiqiang},
  booktitle={The  AAAI Conference on Artificial Intelligence},
  year={2017},
}

@inproceedings{Tang2015LINE,
  title={LINE: Large-scale Information Network Embedding},
  author={Tang, Jian and Qu, Meng and Wang, Mingzhe and Zhang, Ming and Yan, Jun and Mei, Qiaozhu},
  booktitle={International Conference on World Wide Web},
  pages={1067-1077},
  year={2015},
}

@article{Perozzi2014DeepWalk,
  title={DeepWalk: online learning of social representations},
  author={Perozzi, Bryan and Alrfou, Rami and Skiena, Steven},
  pages={701-710},
  year={2014},
}

@inproceedings{Grover2016node2vec,
  title={node2vec: Scalable Feature Learning for Networks},
  author={Grover, A and Leskovec, J},
  pages={855},
  year={2016},
}

@article{Traud2012Social,
  title={Social structure of Facebook networks},
  author={Traud, Amanda L. and Mucha, Peter J. and Porter, Mason A.},
  journal={Social Science Electronic Publishing},
  volume={391},
  number={16},
  pages={4165-4180},
  year={2012},
}

@MISC{polbooks,
  title = "Books about US Politics",
  author = "",
  note = "\url{http://networkdata.ics.uci.edu/data.php?d=polbooks}",
  abstract = "A network of books about recent US politics sold by the online bookseller Amazon.com. Edges between books represent frequent copurchasing of books by the same buyers. The network was compiled by V. Krebs and is unpublished, but can found on Krebs' web site. "
}

@article{newman2003structure,
  title={The structure and function of complex networks},
  author={Newman, Mark EJ},
  journal={SIAM review},
  volume={45},
  number={2},
  pages={167--256},
  year={2003},
  publisher={SIAM}
} 

@article{song2005self,
  title={Self-similarity of complex networks},
  author={Song, Chaoming and Havlin, Shlomo and Makse, Hernan A},
  journal={arXiv preprint cond-mat/0503078},
  year={2005}
}  

@article{clauset2008hierarchical,
  title={Hierarchical structure and the prediction of missing links in networks},
  author={Clauset, Aaron and Moore, Cristopher and Newman, Mark EJ},
  journal={arXiv preprint arXiv:0811.0484},
  year={2008}
}

@article{massaro2014hierarchical,
  title={Hierarchical community structure in complex (social) networks},
  author={Massaro, Emanuele and Bagnoli, Franco},
  journal={arXiv preprint arXiv:1402.7340},
  year={2014}
}

@article{mikolov2013efficient,
  title={Efficient estimation of word representations in vector space},
  author={Mikolov, Tomas and Chen, Kai and Corrado, Greg and Dean, Jeffrey},
  journal={arXiv preprint arXiv:1301.3781},
  year={2013}
}

@inproceedings{Yang2015Network,
  title={Network representation learning with rich text information},
  author={Yang, Cheng and Zhao, Deli and Zhao, Deli and Chang, Edward Y. and Chang, Edward Y.},
  booktitle={International Conference on Artificial Intelligence},
  pages={2111-2117},
  year={2015},
}

@article{libennowell2007the,
title={The link-prediction problem for social networks},
author={Libennowell, David and Kleinberg, Jon M},
journal={Journal of the Association for Information Science and Technology},
volume={58},
number={7},
pages={1019--1031},
year={2007}}

@article{Tsvetovat2011Social,
  title={Social Network Analysis for Startups},
  author={Tsvetovat, Maksim and Kouznetsov, Alexander},
  year={2011},
}

@inproceedings{Newman2006Modularity,
  title={Modularity and community structure in networks},
  author={Newman, Mark},
  booktitle={APS March Meeting},
  pages={8577-8582},
  year={2006},
}

@article{Fouss2007Random,
  title={Random-Walk Computation of Similarities between Nodes of a Graph with Application to Collaborative Recommendation},
  author={Fouss, Francois and Pirotte, Alain and Renders, Jeanmichel and Saerens, Marco},
  journal={IEEE Transactions on Knowledge & Data Engineering},
  volume={19},
  number={3},
  pages={355-369},
  year={2007}
}

@article{fouss2007random-walk,
title={Random-Walk Computation of Similarities between Nodes of a Graph with Application to Collaborative Recommendation},
author={Fouss, Francois and Pirotte, Alain and Renders, Jeanmichel and Saerens, Marco},
journal={IEEE Transactions on Knowledge and Data Engineering},
volume={19},
number={3},
pages={355--369},
year={2007}}

@article{bhagat2011node,
title={Node Classification in Social Networks},
author={Bhagat, Smriti and Cormode, Graham and Muthukrishnan, S},
journal={arXiv: Social and Information Networks},
pages={115--148},
year={2011}}

@article{yan2007graph,
title={Graph Embedding and Extensions: A General Framework for Dimensionality Reduction},
author={Yan, Shuicheng and Xu, Dong and Zhang, Benyu and Zhang, Hongjiang and Yang, Qiang and Lin, Stephen},
journal={IEEE Transactions on Pattern Analysis and Machine Intelligence},
volume={29},
number={1},
pages={40--51},
year={2007}}

@article{Rushing2005ADaM,
  title={ADaM: a data mining toolkit for scientists and engineers},
  author={Rushing, John and Nair, Udaysankar and Nair, Udaysankar and Welch, Ron and Welch, Ron and Lin, Hong},
  journal={Computers and Geosciences},
  volume={31},
  number={5},
  pages={607-618},
  year={2005},
}

@article{clauset2006structural,
title={Structural inference of hierarchies in networks},
author={Clauset, Aaron and Moore, Cristopher and Newman, M E J},
journal={international conference on machine learning},
pages={1--13},
year={2006}}

@article{sales-pardo2007extracting,
	title="Extracting the hierarchical organization of complex systems",
	author="Marta {Sales-Pardo} and Roger {GuimerÃ} and AndrÃ© A. {Moreira} and LuÃ­s A. Nunes {Amaral}",
	journal="arXiv preprint arXiv:0705.1679",
	volume="104",
	number="39",
	pages="15224--15229",
	year="2007"
}

@article{Roweis2000Nonlinear,
  title={Nonlinear Dimensionality Reduction by Locally Linear Embedding},
  author={Roweis, Sam T. and Saul, Lawrence K.},
  journal={Science},
  volume={290},
  number={5500},
  pages={2323-6},
  year={2000},
}

@article{Yang2013Hierarchical,
  title={Hierarchical community detection with applications to real-world network analysis},
  author={Yang, Bo and Di, Jin and Liu, Jiming and Liu, Dayou},
  journal={Data and Knowledge Engineering},
  volume={83},
  number={4},
  pages={20-38},
  year={2013},
}

@article{Lancichinetti2008Detecting,
  title={Detecting the overlapping and hierarchical community structure of complex networks},
  author={Lancichinetti, Andrea and Fortunato, Santo and Kertesz, Janos},
  journal={New Journal of Physics},
  volume={11},
  number={3},
  pages={19-44},
  year={2008},
}

@article{Tang2011Leveraging,
  title={Leveraging social media networks for classification},
  author={Tang, Lei and Liu, Huan},
  journal={Data Mining and Knowledge Discovery},
  volume={23},
  number={3},
  pages={447-478},
  year={2011},
}

@inproceedings{Hu2017Label,
  title={Label Informed Attributed Network Embedding},
  author={Hu, Xia and Hu, Xia and Hu, Xia},
  booktitle={Tenth ACM International Conference on Web Search and Data Mining},
  pages={731-739},
  year={2017},
}